@inbook{monasterio,
  author         = {Monasterio, Leonardo},
  chapter        = {10},
  editor         = {IPEA},
  pages          = {},
  location       = {Brasília},
  bookauthor     = {Cruz, B. O and Furtado, B. A and MONASTERIO, L and Rodrigues Jr, W},
  publisher      = {IPEA},
  title          = {Indicadores de Análise Regional},
  year           = {2011},
  url            = {https://www.ipea.gov.br/portal/index.php?option=com_content&id=11066}
}

@inbook{crocco2006,
  author         = {Crocco, M and Cavalcante, A and Barra, C and Val, V},
  editor         = {Autêntica},
  title          = {Polarização regional e sistema financeiro},
  pages          = {231-269},
  location       = {Belo Horizonte},
  bookauthor     = {Crocco, M and Jayme Jr, F},
  publisher      = {Autêntica},
  booktitle      = {Moeda e Território: Uma Interpretação da Dinâmica Regional Brasileira},
  year           = {2006}
}

@inbook{greenwald,
  author = {GREENWALD, B and LEVINSON, A and STIGLITZ, J},
  title = {Capital market imperfections and regional economic development},
  bookauthor = {GIOVANNINI, A},
  booktitle = {Finance and development: issues and experience},
  location = {Cambridge},
  publisher = {Center for Economic Policy Research},
  institution = {Cambridge University},
  year = {1993},
  pages = {65-93}
}

@article{roberts,
  author       = {ROBERTS, R. B and FISHKIND, H},
  title        = {The role of monetary forces in regional economic activity: an econometric simulation analysis},
  journal      = {Journal of Regional Science},
  volume       = {19},
  number       = {1},
  pages        = {15-28},
  year         = {1979}
}

@article{moore,
  author       = {MOORE, C and HILL, J},
  title        = {Interregional arbitrage and the supply of loanable funds},
  journal      = {Journal of Regional Science},
  volume       = {22},
  number       = {4},
  pages        = {499-512},
  year         = {1982}
}

@article{beare,
  author       = {BEARE, J},
  title        = {A monetarist model of regional business cycles},
  journal      = {Journal of Regional Science},
  volume       = {16},
  number       = {1},
  pages        = {57-63},
  year         = {1976}
}

@inbook{dow99,
  author       = {DOW, S. C},
  title        = {The stages of banking development and the spatial evolution of financial systems},
  bookauthor   = {MARTIN, R},
  booktitle    = {Money and the space economy},
  location     = {Londres},
  publisher    = {Willey},
  pages        = {31-48},
  year         = {1999}
}

@article{dow87,
  author = {DOW, S. C},
  title        = {The treatment of money in regional economics},
  journal      = {Journal of Regional Science},
  volume       = {27},
  number       = {1},
  pages        = {13-24},
  year         = {1987}
}

@article{rodriguez,
  author       = {RODRÍGUEZ-FUENTES, C},
  title        = {Credit availability and regional development.},
  journal      = {Regional Science},
  location     = {Urbana},
  volume       = {77},
  number       = {1},
  pages        = {63-75},
  year         = {1998}
}

@article{crocco2005,
  author       = {CROCCO, M. A and CAVALCANTE, A and CASTRO, C},
  title        = {The behaviour of liquidity preference of banks and public and regional development: the case of Brasil},
  journal      = {Journal of Post Keynesian Economics},
  location     = {Nova York},
  volume       = {28},
  number       = {2},
  pages        = {217-240},
  year         = {2005}
}

@inbook{amado2006,
  author         = {AMADO, Adriana Moreira},
  editor         = {Autêntica},
  title          = {Impactos regionais do processo de reestruturação bancária do início dos anos 1990},
  pages          = {147-168},
  location       = {Belo Horizonte},
  bookauthor     = {Crocco, M and Jayme Jr, F},
  publisher      = {Autêntica},
  booktitle      = {Moeda e Território: Uma Interpretação da Dinâmica Regional Brasileira},
  year           = {2006}
}

@article{martin2015,
  author       = {MARTIN, R and SUNLEY, P},
  title        = {On the notion of regional economic resilience:
Conceptualization and explanation},
  journal      = {Journal of Economic Geography},
  volume       = {15},
  number       = {1},
  pages        = {1-42},
  year         = {2015}
}

@article{selmier2016,
  author       = {SELMIER, W. T},
  title        = {Design rules for more resilient banking systems},
  journal      = {Policy and Society},
  volume       = {35},
  number       = {3},
  pages        = {253-267},
  year         = {2016},
  url          = {http://dx.doi.org/10.1016/j.polsoc.2016.09.00}
}

@article{dow2012,
  author       = {DOW, S. C},
  title        = {What are banks and bank regulation for? A consideration of the foundations for reform},
  journal      = {European Journal of Economics and Economic Policies: Intervention},
  volume       = {9},
  number       = {1},
  pages        = {39-56},
  year         = {2012}
}

@book{keynes73b,
  author       = {KEYNES, John Maynard},
  title        = {The general theory of employment, interest, and money},
  location     = {London},
  publisher    = {Macmillan},
  year         = {1973},
  collection   = {The Collected Writings of John Maynard Keynes}
}

@book{keynes73a,
  author       = {KEYNES, John Maynard},
  title        = { The general theory and after: a supplement},
  location     = {London},
  publisher    = {Macmillan},
  year         = {1973},
  collection   = {The Collected Writings of John Maynard Keynes}
}

@book{carvalho92,
  author       = {CARVALHO, Fernando Cardim},
  title        = {Mr Keynes and the Post Keynesians: principles of
macroeconomics for a monetary production economy},
  location     = {Cheltenham},
  publisher    = {Edward Elgar},
  year         = {1992}
}

@article{dow82,
  author       = {DOW, S. C},
  title        = {The Regional Composition of the Money Multiplier Process},
  journal      = {Scottish Journal of Political Economy},
  volume       = {19},
  number       = {1},
  year         = {1982}
}

@inbook{chick88,
  author = {Chick, V and Dow, S. C},
  title  = {Post-Keynesian Perspective on the Relation Between Banking and Regional Development},
  bookauthor = {ARESTIS, P},
  booktitle = {Post keynesian monetary economics},
  location = {Aldershot},
  publisher = {Elgar},
  year = {1988}
}

@online{spark,
  title = {Python Front End for 'Apache Spark'},
  author = {The Apache Software Foundation},
  url = {https://www.apache.org https://spark.apache.org},
  year = {2023}
}

@online{geobr,
  title = {geobr: Download Official Spatial Data Sets of Brazil},
  author = {Rafael H. M. Pereira and Caio Nogueira Goncalves},
  year = {2023},
  note = {R package version 1.7.0999},
  url = {https://github.com/ipeaGIT/geobr},
}

@phdthesis{igor,
  author = {Tupy, I. S.},
  title  = {Estudo sobre resiliência econômica, moeda e território: abordagem teórica e aplicação empírica para o caso brasileiro},
  school = {Universidade Federal de Minas Gerais},
  year   = {2018},
  type   = {Tese de Doutorado em Economia do Centro de Desenvolvimento e Planejamento Regional da Faculdade de Ciências Econômicas},
  location = {Belo Horizonte}
}

@article{paula,
  author = {PAULA, L. F. DE and OREIRO, J. L and BASILIO, F. A. C},
  title = {Estrutura do setor bancário e o ciclo recente de expansão do crédito: o papel dos bancos públicos federais},
  journal = {Nova Economia},
  volume = {23},
  number = {3},
  pages = {473-520},
  url = {http://www.scielo.br/scielo.php?script=sci_arttext&pid=S0103-63512013000300001},
  year = {2013}
}

@book{mingotti,
  title = {Análise de dados através de estatística multivariada:
uma abordagem aplicada},
  author = {MINGOTI, S. A},
  publisher = {Editora UFMG},
  year = {2005},
  location = {Belo Horizonte}
}

@inbook{andrade,
  author = {Andrade, T. A},
  title = {Métodos Estatísticos e Econométricos Aplicados à Análise Regional},
  booktitle = {Economia Regional: Teorias e Métodos de Análise},
  location  = {Fortaleza},
  publisher = {BNB, ETENE},
  bookauthor = {HADDAD, P},
  year = {1989}
}

@book{almeida,
  title = {Econometria Espacial Aplicada},
  author = {Almeida, Eduardo},
  publisher = {Editora Alínea},
  year = {2012},
  location = {Campinas}
}